<collection xmlns='http://www.loc.gov/MARC21/slim' xmlns:xsi='http://www.w3.org/2001/XMLSchema-instance' xsi:schemaLocation='http://www.loc.gov/standards/marcxml/schema/MARC21slim.xsd'>
  <record xmlns="http://www.loc.gov/MARC21/slim">
    <leader>00000ctm a2200000Mi 4500</leader>
    <controlfield tag="001">on1076552110</controlfield>
    <controlfield tag="008">181129q17501850ir p          000 0 ara d</controlfield>
    <datafield tag="040" ind1=" " ind2=" ">
      <subfield code="a">ZCU</subfield>
      <subfield code="b">eng</subfield>
      <subfield code="e">amremm</subfield>
      <subfield code="c">ZCU</subfield>
      <subfield code="d">OCLCO</subfield>
      <subfield code="d">ZCU</subfield>
    </datafield>
    <datafield tag="035" ind1=" " ind2=" ">
      <subfield code="a">(NNC)13616804</subfield>
    </datafield>
    <datafield tag="041" ind1="0" ind2=" ">
      <subfield code="a">ara</subfield>
      <subfield code="a">per</subfield>
    </datafield>
    <datafield tag="043" ind1=" " ind2=" ">
      <subfield code="a">n-us-ny</subfield>
    </datafield>
    <datafield tag="049" ind1=" " ind2=" ">
      <subfield code="a">ZCUA</subfield>
    </datafield>
    <datafield tag="245" ind1="0" ind2="0">
      <subfield code="6">880-01</subfield>
      <subfield code="a">Ziyārat-i ʻĀshūrāʼ.</subfield>
    </datafield>
    <datafield tag="264" ind1=" " ind2="0">
      <subfield code="a">[Iran?],</subfield>
      <subfield code="c">[17--? - 18--?].</subfield>
    </datafield>
    <datafield tag="300" ind1=" " ind2=" ">
      <subfield code="a">7, 78, 15, 9 leaves :</subfield>
      <subfield code="b">paper, illuminations ;</subfield>
      <subfield code="c">180 x 112 (118 x 52) mm, bound to 183 x 115 x 14 mm.</subfield>
    </datafield>
    <datafield tag="336" ind1=" " ind2=" ">
      <subfield code="a">text</subfield>
      <subfield code="b">txt</subfield>
      <subfield code="2">rdacontent</subfield>
    </datafield>
    <datafield tag="337" ind1=" " ind2=" ">
      <subfield code="a">unmediated</subfield>
      <subfield code="b">n</subfield>
      <subfield code="2">rdamedia</subfield>
    </datafield>
    <datafield tag="338" ind1=" " ind2=" ">
      <subfield code="a">volume</subfield>
      <subfield code="b">nc</subfield>
      <subfield code="2">rdacarrier</subfield>
    </datafield>
    <datafield tag="340" ind1=" " ind2=" ">
      <subfield code="d">manuscript.</subfield>
    </datafield>
    <datafield tag="500" ind1=" " ind2=" ">
      <subfield code="a">Manuscript codex.</subfield>
    </datafield>
    <datafield tag="520" ind1=" " ind2=" ">
      <subfield code="a">Book of prayers to say during visits to sacred sites including during the ʻĀshūrā pilgrimage, when visiting the grave of al-Ḥusayn ibn ʻAlī. Prayers in Arabic with Persian instruction and some translation.</subfield>
    </datafield>
    <datafield tag="500" ind1=" " ind2=" ">
      <subfield code="a">Title from headpiece (f. 1v).</subfield>
    </datafield>
    <datafield tag="546" ind1=" " ind2=" ">
      <subfield code="a">Arabic and Persian.</subfield>
    </datafield>
    <datafield tag="500" ind1=" " ind2=" ">
      <subfield code="a">Layout: 11 and 7 lines per page, border-ruled.</subfield>
    </datafield>
    <datafield tag="500" ind1=" " ind2=" ">
      <subfield code="a">Script: Naskh for the Arabic and nastaʻlīq for some Persian; black ink, pointed with Arabic vocalized.</subfield>
    </datafield>
    <datafield tag="500" ind1=" " ind2=" ">
      <subfield code="a">Decoration: Gold and polychrome illuminated headpiece (f. 1v). Border-rules in red, gold, blue; page-frame ruled in black; lines ruled in gold. Rubrications in red and blue.</subfield>
    </datafield>
    <datafield tag="500" ind1=" " ind2=" ">
      <subfield code="a">Origin: Item not dated, likely copied in the mid-18th to mid-19th century.</subfield>
    </datafield>
    <datafield tag="500" ind1=" " ind2=" ">
      <subfield code="a">Shelfmark: MS Or 173.</subfield>
    </datafield>
    <datafield tag="541" ind1="1" ind2=" ">
      <subfield code="a">Gift of David Eugene Smith, 1931-1934.</subfield>
    </datafield>
    <datafield tag="561" ind1="1" ind2=" ">
      <subfield code="a">Customs stamp dated 1312/1894-95 (f. 1r, 85v) and an undated customs stamp (f. 85v). Owner's stamp (f. 1r).</subfield>
    </datafield>
    <datafield tag="563" ind1=" " ind2=" ">
      <subfield code="a">Lacquer binding with red, orange and black designs. Purple paper doublure.</subfield>
    </datafield>
    <datafield tag="588" ind1="0" ind2=" ">
      <subfield code="a">Item cataloged from digital facsimile and existing description.</subfield>
    </datafield>
    <datafield tag="530" ind1=" " ind2=" ">
      <subfield code="a">Also available as a digital facsimile.</subfield>
    </datafield>
    <datafield tag="600" ind1="0" ind2="0">
      <subfield code="a">Ḥusayn ibn ʻAlī,</subfield>
      <subfield code="d">-680</subfield>
      <subfield code="x">Tomb</subfield>
      <subfield code="v">Early works to 1800.</subfield>
    </datafield>
    <datafield tag="650" ind1=" " ind2="0">
      <subfield code="a">Muslim pilgrims and pilgrimages</subfield>
      <subfield code="z">Iraq</subfield>
      <subfield code="z">Karbalāʼ</subfield>
      <subfield code="v">Early works to 1800.</subfield>
    </datafield>
    <datafield tag="650" ind1=" " ind2="0">
      <subfield code="a">Shiite shrines</subfield>
      <subfield code="v">Early works to 1800.</subfield>
    </datafield>
    <datafield tag="650" ind1=" " ind2="0">
      <subfield code="a">Prayer</subfield>
      <subfield code="x">Islam</subfield>
      <subfield code="v">Early works to 1800.</subfield>
    </datafield>
    <datafield tag="650" ind1=" " ind2="0">
      <subfield code="a">Tenth of Muḥarram</subfield>
      <subfield code="x">Prayers</subfield>
      <subfield code="v">Early works to 1800.</subfield>
    </datafield>
    <datafield tag="650" ind1=" " ind2="0">
      <subfield code="a">Manuscripts, Arabic.</subfield>
    </datafield>
    <datafield tag="655" ind1=" " ind2="7">
      <subfield code="a">Codices.</subfield>
      <subfield code="2">aat</subfield>
    </datafield>
    <datafield tag="655" ind1=" " ind2="7">
      <subfield code="a">Lacquered bindings (Binding)</subfield>
      <subfield code="2">rbbin</subfield>
    </datafield>
    <datafield tag="655" ind1=" " ind2="7">
      <subfield code="a">Stamps (Provenance)</subfield>
      <subfield code="2">rbprov</subfield>
    </datafield>
    <datafield tag="655" ind1=" " ind2="7">
      <subfield code="a">Manuscripts.</subfield>
      <subfield code="2">aat</subfield>
    </datafield>
    <datafield tag="700" ind1="1" ind2=" ">
      <subfield code="a">Smith, David Eugene,</subfield>
      <subfield code="d">1860-1944,</subfield>
      <subfield code="e">former owner.</subfield>
    </datafield>
    <datafield tag="710" ind1="2" ind2=" ">
      <subfield code="a">Muslim World Manuscripts (Columbia University. Rare Book and Manuscript Library)</subfield>
      <subfield code="5">NNC</subfield>
    </datafield>
    <datafield tag="856" ind1="4" ind2="1">
      <subfield code="z">Digital facsimile in OPenn</subfield>
      <subfield code="u">http://openn.library.upenn.edu/Data/0032/html/ms_or_173.html</subfield>
    </datafield>
    <datafield tag="852" ind1=" " ind2=" ">
      <subfield code="a">Columbia University.</subfield>
      <subfield code="b">Rare Book and Manuscript Library</subfield>
      <subfield code="e">New York, NY. 10027</subfield>
      <subfield code="n">nyu</subfield>
      <subfield code="u">https://clio.columbia.edu/catalog/13616804</subfield>
    </datafield>
    <datafield tag="880" ind1="0" ind2="0">
      <subfield code="6">245-01/(3/r</subfield>
      <subfield code="a">زیارت عاشوراء.</subfield>
    </datafield>
    <datafield tag="066" ind1=" " ind2=" ">
      <subfield code="c">(3</subfield>
      <subfield code="c">Arab</subfield>
    </datafield>
  </record></collection>